<record xmlns="http://www.loc.gov/MARC21/slim" xmlns:xsi="http://www.w3.org/2001/XMLSchema-instance" xsi:schemaLocation="http://www.loc.gov/MARC21/slim http://www.loc.gov/standards/marcxml/schema/MARC21slim.xsd"><leader>02916nam a2200529   4500</leader><controlfield tag="001">1930284</controlfield><controlfield tag="003">NIC</controlfield><controlfield tag="006">m        d        </controlfield><controlfield tag="007">cr cn |||m|||a</controlfield><controlfield tag="008">150113m19361938ua c    o     000 0 ara  </controlfield><datafield ind1=" " ind2=" " tag="040"><subfield code="a">NNU</subfield><subfield code="b">eng</subfield><subfield code="e">rda</subfield><subfield code="c">NNU</subfield></datafield><datafield ind1="0" ind2="0" tag="050"><subfield code="a">PJ7521</subfield><subfield code="b">.Y33</subfield></datafield><datafield ind1="0" ind2=" " tag="100"><subfield code="6">880-01</subfield><subfield code="a">Ya&#772;qu&#772;t ibn &#699;Abd Alla&#772;h al-H&#803;amawi&#772;,</subfield><subfield code="d">1179?-1229.</subfield></datafield><datafield ind1="1" ind2="0" tag="245"><subfield code="6">880-02</subfield><subfield code="a">Mu&#699;jam al-udaba&#772;&#700;</subfield><subfield code="c">li-Ya&#772;qu&#772;t. Ra&#772;ja&#699;at&#697;hu Wiza&#772;rat al-Ma&#699;a&#772;rif al-&#699;Umu&#772;mi&#772;yah.</subfield></datafield><datafield ind1=" " ind2=" " tag="250"><subfield code="6">880-03</subfield><subfield code="a">al-T&#803;ab&#699;ah al-akhi&#772;rah, munaqqah&#803;ah wa-mad&#803;bu&#772;t&#803;ah wa-fi&#772;ha&#772; ziya&#772;da&#772;t.</subfield></datafield><datafield ind1=" " ind2=" " tag="260"><subfield code="6">880-04</subfield><subfield code="a">Mis&#803;r :</subfield><subfield code="b">Da&#772;r al-Ma&#772;mu&#772;n,</subfield><subfield code="c">[1355-1357/1936-1938]</subfield></datafield><datafield ind1=" " ind2=" " tag="300"><subfield code="a">online resource (20 volumes) :</subfield><subfield code="b">portraits</subfield></datafield><datafield ind1=" " ind2=" " tag="336"><subfield code="a">text</subfield><subfield code="2">rdacontent</subfield></datafield><datafield ind1=" " ind2=" " tag="337"><subfield code="a">computer</subfield><subfield code="2">rdamedia</subfield></datafield><datafield ind1=" " ind2=" " tag="338"><subfield code="a">online resource</subfield><subfield code="2">rdacarrier</subfield></datafield><datafield ind1="1" ind2=" " tag="490"><subfield code="6">880-05</subfield><subfield code="a">Silsilat al-mawsu&#772;&#699;a&#772;t al-&#699;Arabi&#772;yah</subfield></datafield><datafield ind1="0" ind2=" " tag="490"><subfield code="6">880-06</subfield><subfield code="a">Maktabat al-qira&#772;&#700;ah wa-al-thaqa&#772;fah al-adabi&#772;yah. Silsilat al-mawsu&#772;&#699;a&#772;t al-&#699;Arabi&#772;yah</subfield></datafield><datafield ind1=" " ind2=" " tag="500"><subfield code="a">Title, v. 1, p. 65: Irsha&#772;d al-ari&#772;b ila&#769; ma&#699;rifat al-adi&#772;b.</subfield></datafield><datafield ind1=" " ind2=" " tag="500"><subfield code="a">Edited by Ahmad Fari&#772;d Rifa&#772;&#699;i&#772;.</subfield></datafield><datafield ind1=" " ind2=" " tag="500"><subfield code="a">Part of the Arabic Collections Online (ACO) project, contributed by Cornell University Libraries.</subfield></datafield><datafield ind1=" " ind2=" " tag="533"><subfield code="a">Electronic reproduction.</subfield><subfield code="b">New York, N.Y. :</subfield><subfield code="c">New York University,</subfield><subfield code="d">2015.</subfield><subfield code="5">NNU</subfield></datafield><datafield ind1=" " ind2="0" tag="650"><subfield code="a">Authors, Arab.</subfield></datafield><datafield ind1=" " ind2="0" tag="650"><subfield code="a">Arabic literature</subfield><subfield code="x">History and criticism.</subfield></datafield><datafield ind1=" " ind2="7" tag="650"><subfield code="a">Arabic literature.</subfield><subfield code="2">fast</subfield><subfield code="0">(OCoLC)fst00812478</subfield></datafield><datafield ind1=" " ind2="7" tag="650"><subfield code="a">Authors, Arab.</subfield><subfield code="2">fast</subfield><subfield code="0">(OCoLC)fst00821793</subfield></datafield><datafield ind1=" " ind2="7" tag="655"><subfield code="a">Criticism, interpretation, etc.</subfield><subfield code="2">fast</subfield><subfield code="0">(OCoLC)fst01411635</subfield></datafield><datafield ind1="2" ind2=" " tag="710"><subfield code="a">Cornell University.</subfield><subfield code="b">Libraries.</subfield></datafield><datafield ind1="0" ind2=" " tag="730"><subfield code="a">Arabic Collections Online.</subfield></datafield><datafield ind1="0" ind2=" " tag="740"><subfield code="6">880-07</subfield><subfield code="a">Irsha&#772;d al-ari&#772;b ila&#769; ma&#699;rifat al-adi&#772;b.</subfield></datafield><datafield ind1="0" ind2="8" tag="776"><subfield code="i">Print version:</subfield><subfield code="a">Ya&#772;qu&#772;t ibn &#699;Abd Alla&#772;h al-H&#803;amawi&#772;, 1179?-1229.</subfield><subfield code="t">Mu&#699;jam al-udaba&#772;&#700;</subfield><subfield code="w">(NIC)1930284</subfield><subfield code="w">(DLC)   60042872 </subfield><subfield code="w">(OCoLC)15154883</subfield></datafield><datafield ind1=" " ind2="0" tag="830"><subfield code="6">880-08</subfield><subfield code="a">Silsilat al-mawsu&#772;&#699;a&#772;t al-&#699;Arabi&#772;yah.</subfield></datafield><datafield ind1="4" ind2="0" tag="856"><subfield code="u">http://hdl.handle.net/2333.1/ncjsxp2h</subfield></datafield><datafield ind1="0" ind2=" " tag="880"><subfield code="6">100-01/r</subfield><subfield code="a">&#1610;&#1575;&#1602;&#1608;&#1578; &#1576;&#1606; &#1593;&#1576;&#1583; &#1575;&#1604;&#1604;&#1607; &#1575;&#1604;&#1581;&#1605;&#1608;&#1610;&#1548;,</subfield><subfield code="d">1229-1179?</subfield></datafield><datafield ind1="1" ind2="0" tag="880"><subfield code="6">245-02/r</subfield><subfield code="a">&#1605;&#1593;&#1580;&#1605; &#1575;&#1604;&#1571;&#1583;&#1576;&#1575;&#1569; /</subfield><subfield code="c">&#1604;&#1610;&#1575;&#1602;&#1608;&#1578; &#1563; &#1585;&#1575;&#1580;&#1593;&#1578;&#1607; &#1608;&#1586;&#1575;&#1585;&#1577; &#1575;&#1604;&#1605;&#1593;&#1575;&#1585;&#1601; &#1575;&#1604;&#1593;&#1605;&#1608;&#1605;&#1610;&#1577;.</subfield></datafield><datafield ind1=" " ind2=" " tag="880"><subfield code="6">250-03/r</subfield><subfield code="a">&#1575;&#1604;&#1591;&#1576;&#1593;&#1577; &#1575;&#1604;&#1571;&#1582;&#1610;&#1585;&#1577;&#1548; &#1605;&#1606;&#1602;&#1581;&#1577; &#1608;&#1605;&#1590;&#1576;&#1608;&#1591;&#1577; &#1608;&#1601;&#1610;&#1607;&#1575; &#1586;&#1610;&#1575;&#1583;&#1575;&#1578;.</subfield></datafield><datafield ind1=" " ind2=" " tag="880"><subfield code="6">260-04/r</subfield><subfield code="a">&#1605;&#1589;&#1585; :</subfield><subfield code="b">&#1593;&#1610;&#1587;&#1609; &#1575;&#1604;&#1576;&#1575;&#1576;&#1610; &#1575;&#1604;&#1581;&#1604;&#1576;&#1610;&#1548;</subfield><subfield code="c">[1355-1357/1936-1938]</subfield></datafield><datafield ind1="1" ind2=" " tag="880"><subfield code="6">490-05/r</subfield><subfield code="a">&#1587;&#1604;&#1587;&#1604;&#1577; &#1575;&#1604;&#1605;&#1608;&#1587;&#1608;&#1593;&#1575;&#1578; &#1575;&#1604;&#1593;&#1585;&#1576;&#1610;&#1577;</subfield></datafield><datafield ind1="0" ind2=" " tag="880"><subfield code="6">490-06/r</subfield><subfield code="a">&#1605;&#1603;&#1578;&#1576;&#1577; &#1575;&#1604;&#1602;&#1585;&#1575;&#1569;&#1607; &#1608;&#1575;&#1604;&#1579;&#1602;&#1575;&#1601;&#1577; &#1575;&#1604;&#1575;&#1583;&#1576;&#1610;&#1577;. &#1587;&#1604;&#1587;&#1604;&#1577; &#1575;&#1604;&#1605;&#1608;&#1587;&#1608;&#1593;&#1575;&#1578; &#1575;&#1604;&#1593;&#1585;&#1576;&#1610;&#1577;</subfield></datafield><datafield ind1="0" ind2=" " tag="880"><subfield code="6">740-07/r</subfield><subfield code="a">&#1575;&#1585;&#1588;&#1575;&#1583; &#1575;&#1604;&#1575;&#1585;&#1610;&#1576; &#1575;&#1604;&#1609; &#1605;&#1593;&#1585;&#1601;&#1577; &#1575;&#1604;&#1575;&#1583;&#1610;&#1576;.</subfield></datafield><datafield ind1=" " ind2="0" tag="880"><subfield code="6">830-08/r</subfield><subfield code="a">&#1587;&#1604;&#1587;&#1604;&#1577; &#1575;&#1604;&#1605;&#1608;&#1587;&#1608;&#1593;&#1575;&#1578; &#1575;&#1604;&#1593;&#1585;&#1576;&#1610;&#1577;.</subfield></datafield><datafield ind1=" " ind2=" " tag="959"><subfield code="a">NNU</subfield><subfield code="b">WEB</subfield><subfield code="c">GENI</subfield><subfield code="t">0</subfield><subfield code="m">Electronic access</subfield><subfield code="s">01</subfield></datafield><datafield ind1=" " ind2=" " tag="999"><subfield code="i">NIC_1930284</subfield><subfield code="o">(OCoLC)ocm15154883</subfield></datafield></record>